@book{cvMethodsForClassification,
  title     = {Computer Vision Methods for Fast Image Classiﬁcation and Retrieval},
  author    = {Rafał Scherer},
  year      = {2020},
  publisher = {Springer Cham},
  address   = {Cham, Schweiz},
  doi       = {10.1007/978-3-030-12195-2}
}

@book{knnsKompakt,
  title     = {Neuronale Netze Kompakt},
  subtitle  = {Vom Perceptron zum Deep Learning},
  author    = {Daniel Sonnet},
  year      = {2020},
  publisher = {Springer Vieweg Wiesbaden},
  address   = {Wiesbaden},
  doi       = {10.1007/978-3-658-29081-8}
}

@book{kknsProgrammierenMitPython,
  title     = {Neuronale Netze programmieren mit Python},
  author    = {Roland Schwaiger and Joachim Steinwendner},
  edition   = {1},
  year      = {2019},
  publisher = {Rheinwerk Verlag},
  address   = {Bonn},
  isbn      = {978-3-8362-6142-5},
}

@misc{cnnsIntroduction,
  doi = {10.48550/ARXIV.1511.08458},
  test_url = {https://arxiv.org/abs/1511.08458},
  author = {O'Shea, Keiron and Nash, Ryan},
  keywords = {Neural and Evolutionary Computing (cs.NE), Computer Vision and Pattern Recognition (cs.CV), Machine Learning (cs.LG), FOS: Computer and information sciences, FOS: Computer and information sciences},
  title = {An Introduction to Convolutional Neural Networks},
  publisher = {arXiv},
  year = {2015},
  test_copyright = {arXiv.org perpetual, non-exclusive license}
}

@book{DeepLearningBook,
    title={Deep Learning},
    author={Ian Goodfellow and Yoshua Bengio and Aaron Courville},
    publisher={MIT Press},
    note={\url{http://www.deeplearningbook.org}},
    year={2016}
}

@INPROCEEDINGS{gtsrbGAN,
  author={Spata, Dominic and Horn, Daniela and Houben, Sebastian},
  booktitle={2019 IEEE Intelligent Vehicles Symposium (IV)}, 
  title={Generation of Natural Traffic Sign Images Using Domain Translation with Cycle-Consistent Generative Adversarial Networks}, 
  year={2019},
  volume={},
  number={},
  pages={702-708},
  doi={10.1109/IVS.2019.8814090}
}

@article{taiwanGAN,
author = {{D. Christine et al.}},
year = {2021},
month = {04},
pages = {1-16},
title = {Synthetic Data generation using DCGAN for improved traffic sign recognition},
journal = {Neural Computing and Applications},
doi = {10.1007/s00521-021-05982-z}
}

@inproceedings{GTSRB,
    author = {{J. Stallkamp et al.}},
    booktitle = {EEE International Joint Conference on Neural Networks},
    title = {{The German Traffic Sign Recognition Benchmark: A multi-class classification competition}},
    year = {2011},
    pages = {1453--1460}
}

@inbook{visualApproach,
  author    = {Andrew S. Glassner},
  title     = {Deep Learning: A Visual Approach},
  publisher = {No Starch Press},
  year      = {2021},
  address   = {San Francisco},
  isbn = {978-1-7185-0072-3}
}

@misc{cycleGAN,
  doi = {10.48550/ARXIV.1703.10593},
  author = {Zhu, Jun-Yan and Park, Taesung and Isola, Phillip and Efros, Alexei A.},
  title = {Unpaired Image-to-Image Translation using Cycle-Consistent Adversarial Networks},
  publisher = {arXiv},
  year = {2017},
  copyright = {arXiv.org perpetual, non-exclusive license}
}

@Inbook{Staron2021,
author="Staron, Miroslaw",
title="AUTOSAR (AUTomotive Open System ARchitecture)",
bookTitle="Automotive Software Architectures: An Introduction",
year="2021",
publisher="Springer International Publishing",
address="Cham",
pages="97ff.",
isbn="978-3-030-65939-4",
doi="10.1007/978-3-030-65939-4_5",
}

@misc{Goodfellow-GANs,
  doi = {10.48550/ARXIV.1406.2661},
  author = {Goodfellow, Ian J. and Pouget-Abadie, Jean and Mirza, Mehdi and Xu, Bing and Warde-Farley, David and Ozair, Sherjil and Courville, Aaron and Bengio, Yoshua},
  keywords = {Machine Learning (stat.ML), Machine Learning (cs.LG), FOS: Computer and information sciences, FOS: Computer and information sciences},
  title = {Generative Adversarial Networks},
  publisher = {arXiv},
  year = {2014}
}

@misc{openAiGenerativeNets,
  title = {Generative Models},
  author = {Andrej Karpathy and Pieter Abbeel and Greg Brockman and Peter Chen and Vicki Cheung and Rocky Duan and Ian Goodfellow and Durk Kingma and Jonathan Ho and Rein Houthooft and Tim Salimans and John Schulman and Ilya Sutskever and Wojciech Zaremba},
  howpublished = {\url{https://openai.com/blog/generative-models/}},
  date = {2016-06-16},
  note = {Letzter Zugriff: 13.01.2023}
}

@INPROCEEDINGS{generativeModelsSurvey,
  author={Oussidi, Achraf and Elhassouny, Azeddine},
  booktitle={2018 International Conference on Intelligent Systems and Computer Vision (ISCV)}, 
  title={Deep generative models: Survey}, 
  year={2018},
  volume={},
  number={},
  pages={1-8},
  doi={10.1109/ISACV.2018.8354080}
}

@Inbook{generativeModelsBook,
author="Nikolenko, Sergey I.",
title="Generative Models in Deep Learning",
bookTitle="Synthetic Data for Deep Learning",
year="2021",
publisher="Springer International Publishing",
address="Cham",
pages="97--137",
doi="10.1007/978-3-030-75178-4_4",
}

@article{pixelRNN,
  author    = {A{\"{a}}ron van den Oord and
               Nal Kalchbrenner and
               Koray Kavukcuoglu},
  title     = {Pixel Recurrent Neural Networks},
  journal   = {CoRR},
  year      = {2016},
  eprinttype = {arXiv},
  doi    = {10.48550/arXiv.1601.06759}
}

@misc{ibmRNN,
  title = {Recurrent neural networks deep dive},
  author = {M. Tim Jones},
  howpublished = {\url{https://developer.ibm.com/articles/cc-cognitive-recurrent-neural-networks}},
  date = {2017-08-16},
  note = {Letzter Zugriff: 15.01.2023}
}

@article{autoencoders,
  author    = {Dor Bank and
               Noam Koenigstein and
               Raja Giryes},
  title     = {Autoencoders},
  journal   = {CoRR},
  year      = {2020},
  eprinttype = {arXiv},
  doi   = {10.48550/arXiv.2003.05991}
}

@article{strassenschilderkennungTest,
 author  = {Holger Ippen and Markus Bach},
 date    = {2019-04-02},
 title   = {Verkehrsschild-Erkennung Test},
 journal = {Autozeitung}
}

@misc{eu-regulation,
  author ={{EU-Kommission}},
  title ={Regulation (EU) 2019/2144 of the European Parliament and of the Council},
  date ={2021-09-05},
  note = {Art. 6 Abs. 2c},
  dfghjhowpublished = {\url{https://eur-lex.europa.eu/legal-content/EN/TXT/?uri=CELEX%3A02019R2144-20220905}}
}

@misc{vienna-convention,
  author ={{United Nations Economic Commission for Europe}},
  title ={Convention on Road Traffic},
  date ={2006-03-28},
  isbn ={978-92-1-116973-7},
  publisher={United Nations Publication}
}

@article{traffic-sign-detection-review-2014,
  author ={Anjan Gudigar and Shreesha Chokkadi and Raghavendra U},
  title ={A review on automatic detection and recognition of traffic sign},
  journal   = {Multimedia Tools and Applications},
  year ={2016},
  volume ={75},
  pages  = {333-364},
  doi = {10.1007/s11042-014-2293-7}
}

@Inbook{geometric-ops,
author={Wilhelm Burger and Mark J. Burge},
title={Digital Image Processing: An Algorithmic introduction},
chapter={Geometric Operations},
year={2022},
publisher={Springer Cham},
pages={601-637},
doi={10.1007/978-3-031-05744-1},
}

@inbook{math-primer,
author={Fletcher Dunn and Ian Parberry},
title={3D Math Primer for Graphics and Game Development},
chapter={Rotation in Three Dimensions},
year={2011},
publisher = {A K Peters/CRC Press},
url = {https://gamemath.com/book/orient.html}
}

@misc{chinese-dataset,
  title = {Chinese Traffic Sign Database: Traffic Sign Recognition Database},
  author = {LinLin Huang},
  howpublished = {\url{http://www.nlpr.ia.ac.cn/pal/trafficdata/recognition.html}},
  date = {},
  note = {Letzter Zugriff: 25.03.2023}
}

@misc{piktogramme,
  title = {Verkehrszeichen und Symbole},
  subtitle = {Verkehrszeichenkatalog 2017},
  author = {{Bundesanstalt für Straßenwesen (BASt)}},
  howpublished = {\url{https://www.bast.de/DE/Verkehrstechnik/Fachthemen/v1-verkehrszeichen/vz-start.html}},
  date = {},
  note = {Letzter Zugriff: 27.03.2023}
}

@misc{dataset-mapillary,
      title={The Mapillary Traffic Sign Dataset for Detection and Classification on a Global Scale}, 
      author={Christian Ertler and Jerneja Mislej and Tobias Ollmann and Lorenzo Porzi and Gerhard Neuhold and Yubin Kuang},
      publisher={Mapillary Research},
      year={2020},
      doi= {10.48550/arXiv.1909.04422},
}

@article{dataset-belgiants,
      title={Multi-view traffic sign detection, recognition, and 3D localisation},
      author={Radu Timofte and Karel Zimmermann and and Luc van Gool},
      journal = { Journal of Machine Vision and Applications (MVA 2011)},
      publisher={Springer-Verlag},
      year={2011},
      doi= {10.1007/s00138-011-0391-3},
}

@misc{dataset-make-ml,
title={Road Signs Dataset},
url={https://makeml.app/datasets/road-signs},
journal={Make ML}}